@article{1742-6596-256-1-012026,
  author={Chris Loken and Daniel Gruner and others},
  title={SciNet: Lessons Learned from Building a Power-efficient Top-20 System and Data Centre},
  journal={Journal of Physics: Conference Series},
  volume={256},
  number={1},
  pages={012026},
  url={http://stacks.iop.org/1742-6596/256/i=1/a=012026},
  year={2010},
}

@article{MIDASRef,
  title={MIDAS: Maximum Integrated Data Acquisition System },
  url={http://midas.triumf.ca},
}

@article{V1730Ref,
  title={V1730 500MSPS Waveform Digitizer },
  url={},
}

@article{PhidgetRef,
  title={Phidget 1044 Board},
  url={},
}

@article{lessemf,
  title={LessEMF.com Magnetic Field Shielding},
  url={http://www.lessemf.com/mag-shld.html#273},
}